<record><leader>00000cas a22000007a 4500</leader><controlfield tag="001">11108489</controlfield><controlfield tag="008">840831d18321834aludn ne      0    0eng  </controlfield><datafield ind1=" " ind2=" " tag="010"><subfield code="a">sn 84020534 </subfield></datafield><datafield ind1=" " ind2=" " tag="040"><subfield code="a">DLC</subfield><subfield code="b">eng</subfield><subfield code="c">DLC</subfield><subfield code="d">CPN</subfield><subfield code="d">CNK</subfield><subfield code="d">CNW</subfield><subfield code="d">FUG</subfield><subfield code="d">NVK</subfield><subfield code="d">NVF</subfield><subfield code="d">OCL</subfield><subfield code="d">DLC</subfield><subfield code="d">OCLCQ</subfield><subfield code="d">OCLCO</subfield><subfield code="d">OCLCF</subfield></datafield><datafield ind1="1" ind2=" " tag="029"><subfield code="a">AU@</subfield><subfield code="b">000020338004</subfield></datafield><datafield ind1=" " ind2=" " tag="042"><subfield code="a">pcc</subfield></datafield><datafield ind1=" " ind2=" " tag="043"><subfield code="a">n-us-al</subfield></datafield><datafield ind1="0" ind2="0" tag="050"><subfield code="a">Newspaper 7020</subfield></datafield><datafield ind1="0" ind2=" " tag="130"><subfield code="a">Mobile commercial register and patriot (Mobile, Ala. : 1832)</subfield></datafield><datafield ind1="1" ind2="0" tag="245"><subfield code="a">Mobile commercial register and patriot.</subfield></datafield><datafield ind1="1" ind2="3" tag="246"><subfield code="a">Commercial register</subfield><subfield code="f">Dec. 10, 1833-1834</subfield></datafield><datafield ind1="1" ind2="3" tag="246"><subfield code="a">Commercial register and patriot</subfield><subfield code="f">Oct. 8, 1832-Dec. 9, 1833</subfield></datafield><datafield ind1=" " ind2=" " tag="260"><subfield code="a">Mobile, Ala. :</subfield><subfield code="b">T. Sanford,</subfield><subfield code="c">1832-1834.</subfield></datafield><datafield ind1=" " ind2=" " tag="300"><subfield code="a">v.</subfield></datafield><datafield ind1=" " ind2=" " tag="310"><subfield code="a">Daily (except Sunday)</subfield></datafield><datafield ind1="0" ind2=" " tag="362"><subfield code="a">Vol. 12, no. 47 (Oct. 6, 1832)-v. 14, no. 81 (Nov. 1, 1834).</subfield></datafield><datafield ind1=" " ind2=" " tag="515"><subfield code="a">Triweekly four months of the year.</subfield></datafield><datafield ind1=" " ind2=" " tag="530"><subfield code="a">Available on microfilm from Bell &amp; Howell, Micro Photo Div.</subfield></datafield><datafield ind1=" " ind2="0" tag="651"><subfield code="a">Mobile (Ala.)</subfield><subfield code="v">Newspapers.</subfield></datafield><datafield ind1=" " ind2="0" tag="651"><subfield code="a">Mobile County (Ala.)</subfield><subfield code="v">Newspapers.</subfield></datafield><datafield ind1=" " ind2="7" tag="655"><subfield code="a">Newspapers.</subfield><subfield code="2">fast</subfield><subfield code="0">(OCoLC)fst01423814</subfield></datafield><datafield ind1=" " ind2="7" tag="651"><subfield code="a">Alabama</subfield><subfield code="z">Mobile.</subfield><subfield code="2">fast</subfield><subfield code="0">(OCoLC)fst01206367</subfield></datafield><datafield ind1=" " ind2="7" tag="651"><subfield code="a">Alabama</subfield><subfield code="z">Mobile County.</subfield><subfield code="2">fast</subfield><subfield code="0">(OCoLC)fst01211225</subfield></datafield><datafield ind1="1" ind2=" " tag="700"><subfield code="a">Sanford, Thaddeus,</subfield><subfield code="d">1790-1867.</subfield></datafield><datafield ind1=" " ind2=" " tag="752"><subfield code="a">United States</subfield><subfield code="b">Alabama</subfield><subfield code="c">Mobile</subfield><subfield code="d">Mobile.</subfield></datafield><datafield ind1="0" ind2=" " tag="775"><subfield code="t">Mobile com. register and patriot (for the country)</subfield><subfield code="w">(DLC)sn 85025910</subfield></datafield><datafield ind1="0" ind2="4" tag="780"><subfield code="t">Mobile commercial register (Mobile, Ala. : 1821)</subfield><subfield code="w">(DLC)sn 84020222</subfield></datafield><datafield ind1="0" ind2="4" tag="780"><subfield code="t">Mobile patriot</subfield><subfield code="w">(DLC)sn 84023540</subfield></datafield><datafield ind1="0" ind2="0" tag="785"><subfield code="t">Mobile daily commercial register and patriot</subfield><subfield code="w">(DLC)sn 84020557</subfield></datafield></record>